@article{rietveld1969profile,
  title={{A profile refinement method for nuclear and magnetic structures}},
  author={Rietveld, HM},
  journal={Journal of Applied Crystallography},
  volume={2},
  number={2},
  pages={65--71},
  issn={0021-8898},
  year={1969},
  publisher={International Union of Crystallography}
}

@article{young1996rietveld,
  title={{The Rietveld Method, International Union of Crystallography}},
  author={Young, RA},
  journal={Monographs on Crystallography},
  volume={5},
  year={1996}
}

@techreport{larson2004gsas,
  title={{General Structure Analysis System (GSAS)}},
  author={Larson, A.C. and Von Dreele, R.B.},
  institution={Los Alamos National Laboratory Report LAUR 86-748},
  year={2004}
}

@article{mccusker1999rietveld,
  title={{Rietveld refinement guidelines}},
  author={McCusker, LB and Von Dreele, RB and Cox, DE and Louer, D. and Scardi, P.},
  journal={Journal of Applied Crystallography},
  volume={32},
  number={1},
  pages={36--50},
  issn={0021-8898},
  year={1999},
  publisher={International Union of Crystallography}
}

@article{cui2006magnetic,
  title={{Magnetic structure refinement with neutron powder diffraction data using GSAS: A tutorial}},
  author={Cui, J. and Huang, Q. and Toby, BH},
  journal={Powder Diffraction},
  volume={21},
  pages={71},
  year={2006}
}

@article{toby2001expgui,
  title={{EXPGUI, a graphical user interface for GSAS}},
  author={Toby, B.H.},
  journal={Journal of Applied Crystallography},
  volume={34},
  number={2},
  pages={210--213},
  issn={0021-8898},
  year={2001},
  publisher={International Union of Crystallography}
}

@article{heuer2001determination,
  title={{The determination of site occupancies using a new strategy in Rietveld refinements}},
  author={Heuer, M.},
  journal={Journal of Applied Crystallography},
  volume={34},
  number={3},
  pages={271--279},
  issn={0021-8898},
  year={2001},
  publisher={International Union of Crystallography}
}

@article{stinton2007parametric,
  title={{Parametric Rietveld refinement}},
  author={Stinton, G.W. and Evans, J.S.O.},
  journal={Journal of Applied Crystallography},
  volume={40},
  number={1},
  pages={87--95},
  issn={0021-8898},
  year={2007},
  publisher={International Union of Crystallography}
}

@article{halasz2010parametric,
  title={{Parametric Rietveld refinement for the evaluation of powder diffraction patterns collected as a function of pressure}},
  author={Halasz, I. and Dinnebier, R.E. and Angel, R.},
  journal={Journal of Applied Crystallography},
  volume={43},
  number={3},
  pages={504--510},
  issn={0021-8898},
  year={2010},
  publisher={International Union of Crystallography}
}

@article{williams1988joint,
  title={{Joint x-ray and neutron refinement of the structure of superconducting YBa\_ $\{$2$\}$ Cu\_ $\{$3$\}$ O\_ $\{$7-x$\}$: Precision structure, anisotropic thermal parameters, strain, and cation disorder}},
  author={Williams, A. and Kwei, GH and Von Dreele, RB and Raistrick, ID and Bish, DL},
  journal={Physical Review B},
  volume={37},
  number={13},
  pages={7960--7962},
  issn={1550-235X},
  year={1988},
  publisher={APS}
}
@article{von1997quantitative,
  title={{Quantitative texture analysis by Rietveld refinement}},
  author={Von Dreele, RB},
  journal={Journal of Applied Crystallography},
  volume={30},
  number={4},
  pages={517--525},
  issn={0021-8898},
  year={1997},
  publisher={International Union of Crystallography}
}

@article{le2005whole,
  title={{Whole powder pattern decomposition methods and applications: A retrospection}},
  author={Le Bail, A.},
  journal={Powder Diffraction},
  volume={20},
  pages={316},
  year={2005}
}

@article{von1999combined,
  title={{Combined Rietveld and stereochemical restraint refinement of a protein crystal structure}},
  author={Von Dreele, RB},
  journal={Journal of Applied Crystallography},
  volume={32},
  number={6},
  pages={1084--1089},
  issn={0021-8898},
  year={1999},
  publisher={International Union of Crystallography}
}

@article{von2000first,
  title={{The first protein crystal structure determined from high-resolution X-ray powder diffraction data: a variant of T3R3 human insulin-zinc complex produced by grinding}},
  author={Von Dreele, RB and Stephens, PW and Smith, GD and Blessing, RH},
  journal={Acta Crystallographica Section D: Biological Crystallography},
  volume={56},
  number={12},
  pages={1549--1553},
  issn={0907-4449},
  year={2000},
  publisher={International Union of Crystallography}
}